@article{Alday_LiouvilleCorrelation_2010,
	title = {Liouville {Correlation} {Functions} from {Four}-dimensional {Gauge} {Theories}},
	volume = {91},
	issn = {0377-9017, 1573-0530},
	url = {http://arxiv.org/abs/0906.3219},
	doi = {10.1007/s11005-010-0369-5},
	abstract = {We conjecture an expression for the Liouville theory conformal blocks and correlation functions on a Riemann surface of genus g and n punctures as the Nekrasov partition function of a certain class of N = 2 SCFTs recently deÔ¨Åned by one of the authors. We conduct extensive tests of the conjecture at genus 0, 1.},
	language = {en},
	number = {2},
	urldate = {2023-05-30},
	journal = {Lett Math Phys},
	author = {Alday, Luis F. and Gaiotto, Davide and Tachikawa, Yuji},
	month = feb,
	year = {2010},
	note = {arXiv:0906.3219 [hep-th]},
	pages = {167--197},
	file = {Alday et al. - 2010 - Liouville Correlation Functions from Four-dimensio.pdf:C\:\\Users\\itsuki.miyane\\reading_list\\Alday et al2010\\Alday et al. - 2010 - Liouville Correlation Functions from Four-dimensio.pdf:application/pdf},
}