@book{Bott:1982xhp,
  title = {Differential {{Forms}} in {{Algebraic Topology}}},
  author = {Bott, Raoul and Tu, Loring W.},
  year = {1982},
  series = {Graduate {{Texts}} in {{Mathematics}}},
  volume = {82},
  publisher = {Springer New York},
  address = {New York, NY},
  doi = {10.1007/978-1-4757-3951-0},
  url = {http://link.springer.com/10.1007/978-1-4757-3951-0},
  urldate = {2023-05-30},
  isbn = {978-1-4419-2815-3 978-1-4757-3951-0},
  langid = {english}
}

@book{Hamilton:2017gbn,
  title = {Mathematical {{Gauge Theory}}},
  author = {Hamilton, Mark J.D.},
  year = {2017},
  series = {Universitext},
  publisher = {Springer International Publishing},
  address = {Cham},
  doi = {10.1007/978-3-319-68439-0},
  url = {http://link.springer.com/10.1007/978-3-319-68439-0},
  urldate = {2024-02-18},
  isbn = {978-3-319-68438-3 978-3-319-68439-0},
  langid = {english}
}

@book{Nakahara:2003,
  title = {Geometry, Topology, and Physics},
  author = {Nakahara, Mikio},
  year = {2003},
  series = {Graduate Student Series in Physics},
  edition = {2nd},
  publisher = {Institute of Physics Publishing},
  address = {Bristol ; Philadelphia},
  isbn = {978-0-7503-0606-5},
  lccn = {QA641 .N35 2003},
  annotation = {OCLC: ocm52622950}
}

@book{Milner:1973,
  title = {Morse Theory},
  author = {Milnor, John Willard},
  year = {1973},
  series = {Annals of Mathematics Studies},
  edition = {5. printing},
  number = {51},
  publisher = {Princeton Univ. Press},
  address = {Princeton, NJ},
  isbn = {978-0-691-08008-6},
  langid = {english}
}

@book{Milnor:1997,
  title = {Topology from the Differentiable Viewpoint},
  author = {Milnor, John W.},
  year = {1997},
  series = {Princeton Landmarks in Mathematics},
  edition = {Rev. ed},
  publisher = {Princeton University Press},
  address = {Princeton, N.J},
  isbn = {978-0-691-04833-8},
  lccn = {QA613.6 .M55 1997}
}

@article{Milnor:1965,
  title = {Characteristic {{Classes}}},
  author = {Milnor, Stasheff},
  year = {1965}
}

