@article{Abe:2006xp,
  title = {Moduli Stabilization, {{F-term}} Uplifting and Soft Supersymmetry Breaking Terms},
  author = {Abe, Hiroyuki and Higaki, Tetsutaro and Kobayashi, Tatsuo and Omura, Yuji},
  year = {2007},
  journal = {Physical Review D},
  volume = {75},
  number = {2},
  eprint = {hep-th/0611024},
  pages = {025019},
  issn = {1550-7998, 1550-2368},
  doi = {10.1103/PhysRevD.75.025019},
  url = {http://arxiv.org/abs/hep-th/0611024},
  urldate = {2024-03-10},
  archiveprefix = {arxiv}
}

@article{Abe:2007yb,
  title = {More about {{F-term}} Uplifting},
  author = {Abe, Hiroyuki and Higaki, Tetsutaro and Kobayashi, Tatsuo},
  year = {2007},
  journal = {Physical Review D},
  volume = {76},
  number = {10},
  eprint = {0707.2671},
  primaryclass = {hep-ph, physics:hep-th},
  pages = {105003},
  issn = {1550-7998, 1550-2368},
  doi = {10.1103/PhysRevD.76.105003},
  url = {http://arxiv.org/abs/0707.2671},
  urldate = {2024-03-10},
  archiveprefix = {arxiv}
}

@article{Abe:2012ya,
  title = {Superfield Description of {{10D SYM}} Theory with Magnetized Extra Dimensions},
  author = {Abe, Hiroyuki and Kobayashi, Tatsuo and Ohki, Hiroshi and Sumita, Keigo},
  year = {2012},
  journal = {Nuclear Physics B},
  volume = {863},
  number = {1},
  eprint = {1204.5327},
  primaryclass = {hep-ph, physics:hep-th},
  pages = {1--18},
  issn = {05503213},
  doi = {10.1016/j.nuclphysb.2012.05.012},
  url = {http://arxiv.org/abs/1204.5327},
  urldate = {2024-03-10},
  archiveprefix = {arxiv}
}
