@article{Arkani-Hamed:2001uol,
  title = {Anomalies on {{Orbifolds}}},
  author = {{Arkani-Hamed}, Nima and Cohen, Andrew G. and Georgi, Howard},
  year = {2001},
  journal = {Physics Letters B},
  volume = {516},
  number = {3-4},
  eprint = {hep-th/0103135},
  pages = {395--402},
  issn = {03702693},
  doi = {10.1016/S0370-2693(01)00946-7},
  url = {http://arxiv.org/abs/hep-th/0103135},
  urldate = {2024-04-09},
  archiveprefix = {arxiv}
}

@article{Abe:2020vmv,
  title = {Loop {{Fayet-Iliopoulos}} Terms in ${T}^2/{Z}_2$ Models: Instability and Moduli Stabilization},
  shorttitle = {Loop {{Fayet-Iliopoulos}} Terms in \${{T}}{\textasciicircum}2/{{Z}}\_2\$ Models},
  author = {Abe, Hiroyuki and Kobayashi, Tatsuo and Uemura, Shohei and Yamamoto, Junji},
  year = {2020},
  journal = {Phys. Rev. D},
  volume = {102},
  number = {4},
  eprint = {2003.03512},
  primaryclass = {hep-ph, physics:hep-th},
  pages = {045005},
  issn = {2470-0010, 2470-0029},
  doi = {10.1103/PhysRevD.102.045005},
  url = {http://arxiv.org/abs/2003.03512},
  urldate = {2024-04-16},
  archiveprefix = {arxiv}
}

@book{Fujikawa:2001a,
  title = {ゲージ場の理論},
  author = {藤川和男},
  year = {2001},
  publisher = {岩波書店},
  address = {東京},
  isbn = {978-4-00-006754-6},
  annotation = {OCLC: 54575620}
}

@book{Fujikawa:2001b,
  title = {経路積分と対称性の量子的破れ},
  author = {藤川和男},
  year = {2001},
  publisher = {岩波書店},
  address = {東京},
  isbn = {978-4-00-007415-5},
  annotation = {OCLC: 676137225}
}

@book{Choi:2020dws,
  title = {Quarks and Leptons from Orbifolded Superstring},
  author = {Choi, K.-S. and Kim, Chin-{\u u}i},
  year = {2020},
  series = {Lecture Notes in Physics},
  edition = {Second edition},
  number = {volume 954},
  publisher = {Springer},
  address = {Cham},
  doi = {10.1007/978-3-030-54005-0},
  isbn = {978-3-030-54004-3},
  langid = {english}
}

@article{Coleman:1982yg,
  title = {'t {{Hooft}}'s Consistency Condition as a Consequence of Analyticity and Unitarity},
  author = {Coleman, Sidney and Grossman, Bernard},
  year = {1982},
  journal = {Nuclear Physics B},
  volume = {203},
  number = {2},
  pages = {205--220},
  issn = {05503213},
  doi = {10.1016/0550-3213(82)90028-1},
  url = {https://linkinghub.elsevier.com/retrieve/pii/0550321382900281},
  urldate = {2024-05-03},
  copyright = {https://www.elsevier.com/tdm/userlicense/1.0/},
  langid = {english}
}
