@book{Murakami:2000,
  title = {{結び目と量子群}},
  author = {村上順},
  year = {2000},
  edition = {1st},
  publisher = {朝倉書店},
  isbn = {978-4-254-95116-5},
  langid = {jpn},
  annotation = {OCLC: 770333134}
}

@book{Satake:2002,
  title = {{リー環の話}},
  author = {佐武一郎},
  year = {2002},
  edition = {New},
  publisher = {日本評論社},
  isbn = {978-4-535-60137-6},
  langid = {jpn},
  annotation = {OCLC: 54736474}
}
