@article{Abe_AhlerModuli_2017,
  title = {K{\"{a}}hler Moduli Stabilization in Semi-Realistic Magnetized Orbifold Models},
  author = {Abe, Hiroyuki and Kobayashi, Tatsuo and Sumita, Keigo and Uemura, Shohei},
  year = {2017},
  month = jul,
  journal = {Physical Review D},
  volume = {96},
  number = {2},
  eprint = {1703.03402},
  primaryclass = {hep-ph, physics:hep-th},
  pages = {026019},
  issn = {2470-0010, 2470-0029},
  doi = {10.1103/PhysRevD.96.026019},
  url = {http://arxiv.org/abs/1703.03402},
  urldate = {2023-12-01},
  archiveprefix = {arxiv},
  keywords = {Moduli stabilization,Phenomenology}
}

@article{Abe_ModuliStabilization_2007a,
  title = {Moduli Stabilization, {{F-term}} Uplifting and Soft Supersymmetry Breaking Terms},
  author = {Abe, Hiroyuki and Higaki, Tetsutaro and Kobayashi, Tatsuo and Omura, Yuji},
  year = {2007},
  month = jan,
  journal = {Physical Review D},
  volume = {75},
  number = {2},
  eprint = {hep-th/0611024},
  pages = {025019},
  issn = {1550-7998, 1550-2368},
  doi = {10.1103/PhysRevD.75.025019},
  url = {http://arxiv.org/abs/hep-th/0611024},
  urldate = {2023-12-01},
  archiveprefix = {arxiv},
  keywords = {Moduli stabilization,Phenomenology}
}

@article{Abe_MoreFterm_2007a,
  title = {More about {{F-term}} Uplifting},
  author = {Abe, Hiroyuki and Higaki, Tetsutaro and Kobayashi, Tatsuo},
  year = {2007},
  month = nov,
  journal = {Physical Review D},
  volume = {76},
  number = {10},
  eprint = {0707.2671},
  primaryclass = {hep-ph, physics:hep-th},
  pages = {105003},
  issn = {1550-7998, 1550-2368},
  doi = {10.1103/PhysRevD.76.105003},
  url = {http://arxiv.org/abs/0707.2671},
  urldate = {2023-12-01},
  archiveprefix = {arxiv},
  keywords = {Moduli stabilization,Phenomenology}
}

@article{Abe_PhenomenologicalAspects_2013,
  title = {Phenomenological Aspects of {{10D SYM}} Theory with Magnetized Extra Dimensions},
  author = {Abe, Hiroyuki and Kobayashi, Tatsuo and Ohki, Hiroshi and Oikawa, Akane and Sumita, Keigo},
  year = {2013},
  month = may,
  journal = {Nuclear Physics B},
  volume = {870},
  number = {1},
  eprint = {1211.4317},
  primaryclass = {hep-ph, physics:hep-th},
  pages = {30--54},
  issn = {05503213},
  doi = {10.1016/j.nuclphysb.2013.01.014},
  url = {http://arxiv.org/abs/1211.4317},
  urldate = {2023-11-22},
  archiveprefix = {arxiv},
  keywords = {Phenomenology}
}

@article{Abe_RemarkIntegrating_2006,
  title = {Remark on Integrating out Heavy Moduli in Flux Compactification},
  author = {Abe, Hiroyuki and Higaki, Tetsutaro and Kobayashi, Tatsuo},
  year = {2006},
  month = aug,
  journal = {Physical Review D},
  volume = {74},
  number = {4},
  eprint = {hep-th/0606095},
  pages = {045012},
  issn = {1550-7998, 1550-2368},
  doi = {10.1103/PhysRevD.74.045012},
  url = {http://arxiv.org/abs/hep-th/0606095},
  urldate = {2023-12-08},
  archiveprefix = {arxiv},
  keywords = {Moduli stabilization,Phenomenology}
}

@article{Abe_SuperfieldDescription_2012,
  title = {Superfield Description of {{10D SYM}} Theory with Magnetized Extra Dimensions},
  author = {Abe, Hiroyuki and Kobayashi, Tatsuo and Ohki, Hiroshi and Sumita, Keigo},
  year = {2012},
  month = oct,
  journal = {Nuclear Physics B},
  volume = {863},
  number = {1},
  eprint = {1204.5327},
  primaryclass = {hep-ph, physics:hep-th},
  pages = {1--18},
  issn = {05503213},
  doi = {10.1016/j.nuclphysb.2012.05.012},
  url = {http://arxiv.org/abs/1204.5327},
  urldate = {2023-10-24},
  archiveprefix = {arxiv},
  keywords = {Phenomenology}
}

@article{Abe_SuperfieldDescription_2015,
  title = {Superfield Description of (4+2n)-Dimensional {{SYM}} Theories and Their Mixtures on Magnetized Tori},
  author = {Abe, Hiroyuki and Horie, Tomoharu and Sumita, Keigo},
  year = {2015},
  month = nov,
  journal = {Nuclear Physics B},
  volume = {900},
  eprint = {1507.02425},
  primaryclass = {hep-ph, physics:hep-th},
  pages = {331--365},
  issn = {05503213},
  doi = {10.1016/j.nuclphysb.2015.09.014},
  url = {http://arxiv.org/abs/1507.02425},
  urldate = {2023-11-10},
  archiveprefix = {arxiv},
  keywords = {Phenomenology}
}

@article{Arkani-Hamed_HigherDimensional_2002,
  title = {Higher Dimensional Supersymmetry in {{4D}} Superspace},
  author = {{Arkani-Hamed}, Nima and Gregoire, Thomas and Wacker, Jay},
  year = {2002},
  month = mar,
  journal = {Journal of High Energy Physics},
  volume = {2002},
  number = {03},
  eprint = {hep-th/0101233},
  pages = {055--055},
  issn = {1029-8479},
  doi = {10.1088/1126-6708/2002/03/055},
  url = {http://arxiv.org/abs/hep-th/0101233},
  urldate = {2023-11-13},
  archiveprefix = {arxiv},
  keywords = {Phenomenology}
}

@article{Cremades_ComputingYukawa_2004a,
  title = {Computing {{Yukawa Couplings}} from {{Magnetized Extra Dimensions}}},
  author = {Cremades, D. and Ibanez, L. E. and Marchesano, F.},
  year = {2004},
  month = jun,
  journal = {Journal of High Energy Physics},
  volume = {2004},
  number = {05},
  eprint = {hep-th/0404229},
  pages = {079--079},
  issn = {1029-8479},
  doi = {10.1088/1126-6708/2004/05/079},
  url = {http://arxiv.org/abs/hep-th/0404229},
  urldate = {2023-12-01},
  archiveprefix = {arxiv},
  keywords = {Phenomenology}
}

@article{Intriligator_DynamicalSUSY_2006a,
  title = {Dynamical {{SUSY Breaking}} in {{Meta-Stable Vacua}}},
  author = {Intriligator, Kenneth and Seiberg, Nathan and Shih, David},
  year = {2006},
  month = apr,
  journal = {Journal of High Energy Physics},
  volume = {2006},
  number = {04},
  eprint = {hep-th/0602239},
  pages = {021--021},
  issn = {1029-8479},
  doi = {10.1088/1126-6708/2006/04/021},
  url = {http://arxiv.org/abs/hep-th/0602239},
  urldate = {2023-12-01},
  archiveprefix = {arxiv},
  keywords = {ISS model,Phenomenology}
}

@article{Kachru_SitterVacua_2003,
  title = {De {{Sitter Vacua}} in {{String Theory}}},
  author = {Kachru, Shamit and Kallosh, Renata and Linde, Andrei and Trivedi, Sandip P.},
  year = {2003},
  month = aug,
  journal = {Physical Review D},
  volume = {68},
  number = {4},
  eprint = {hep-th/0301240},
  pages = {046005},
  issn = {0556-2821, 1089-4918},
  doi = {10.1103/PhysRevD.68.046005},
  url = {http://arxiv.org/abs/hep-th/0301240},
  urldate = {2023-12-07},
  archiveprefix = {arxiv},
  keywords = {KKLT model,Phenomenology}
}

@article{Kaku_PoincarésupergravityBroken_1978,
  title = {Poincar{\'e}supergravity as Broken Superconformal Gravity},
  author = {Kaku, M. and Townsend, P.K.},
  year = {1978},
  month = may,
  journal = {Physics Letters B},
  volume = {76},
  number = {1},
  pages = {54--58},
  issn = {03702693},
  doi = {10.1016/0370-2693(78)90098-9},
  url = {https://linkinghub.elsevier.com/retrieve/pii/0370269378900989},
  urldate = {2023-12-03},
  langid = {english},
  keywords = {Phenomenology,Supergravity}
}

@article{Kaku_SuperconformalUnified_1977,
  title = {Superconformal {{Unified Field Theory}}},
  author = {Kaku, M. and Townsend, P. K. and Van Nieuwenhuizen, P.},
  year = {1977},
  month = oct,
  journal = {Physical Review Letters},
  volume = {39},
  number = {18},
  pages = {1109--1112},
  issn = {0031-9007},
  doi = {10.1103/PhysRevLett.39.1109},
  url = {https://link.aps.org/doi/10.1103/PhysRevLett.39.1109},
  urldate = {2023-11-24},
  langid = {english},
  keywords = {Phenomenology,Supergravity}
}

@article{Lebedev_MetastableVacua_2007,
  title = {Metastable {{Vacua}} in {{Flux Compactifications}} and {{Their Phenomenology}}},
  author = {Lebedev, Oleg and L{\"o}wen, Val{\'e}ri and Mambrini, Yann and Nilles, Hans Peter and Ratz, Michael},
  year = {2007},
  month = feb,
  journal = {Journal of High Energy Physics},
  volume = {2007},
  number = {02},
  eprint = {hep-ph/0612035},
  pages = {063--063},
  issn = {1029-8479},
  doi = {10.1088/1126-6708/2007/02/063},
  url = {http://arxiv.org/abs/hep-ph/0612035},
  urldate = {2023-12-13},
  archiveprefix = {arxiv},
  keywords = {Phenomenology}
}

@article{Lust_ScatteringGauge_2004,
  title = {Scattering of {{Gauge}}, {{Matter}}, and {{Moduli Fields}} from {{Intersecting Branes}}},
  author = {Lust, D. and Mayr, P. and Richter, R. and Stieberger, S.},
  year = {2004},
  month = sep,
  journal = {Nuclear Physics B},
  volume = {696},
  number = {1-2},
  eprint = {hep-th/0404134},
  pages = {205--250},
  issn = {05503213},
  doi = {10.1016/j.nuclphysb.2004.06.052},
  url = {http://arxiv.org/abs/hep-th/0404134},
  urldate = {2023-12-08},
  archiveprefix = {arxiv},
  keywords = {Moduli stabilization,Phenomenology}
}

@article{Polonyi_GeneralizationMassive_1977,
  title = {Generalization of the {{Massive Scalar Multiplet Coupling}} to the {{Supergravity}}},
  author = {Polonyi, J.},
  year = {1977},
  keywords = {Phenomenology}
}

@mastersthesis{柴崎_背景_2021,
  title = {{{背景磁場を持つ10次元超対称Yang-Mills理論におけるゲージ結合に対する量子補正}}},
  author = {柴崎, 寿英},
  year = {2021},
  month = jan,
  school = {早稲田大学},
  keywords = {Phenomenology}
,
  isjapanese = {true}
}
@mastersthesis{中野_磁化_2023,
  title = {磁化オービフォルド上の10次元超対称理論における4次元有効ゲージ結合定数の解析},
  author = {中野, 隼斗},
  year = {2023},
  month = feb,
  school = {早稲田大学},
  keywords = {Phenomenology},
  isjapanese = {true}
}

@book{Wess_SupersymmetrySupergravity_1992,
  title = {Supersymmetry and {{Supergravity}}},
  author = {Wess, Julius and Bagger, Jonathan},
  year = {1992},
  month = mar,
  publisher = {{Princeton University Press}},
  address = {{Princeton, N.J}},
  isbn = {978-0-691-02530-8},
  keywords = {Supergravity,Supersymmetry}
}

@article{Choi_PhenomenologyMixed_2005,
  title = {Phenomenology of {{Mixed Modulus-Anomaly Mediation}} in {{Fluxed String Compactifications}} and {{Brane Models}}},
  author = {Choi, Kiwoon and Jeong, Kwang Sik and Okumura, Kenichi},
  year = {2005},
  journal = {Journal of High Energy Physics},
  volume = {2005},
  number = {09},
  eprint = {hep-ph/0504037},
  pages = {039--039},
  issn = {1029-8479},
  doi = {10.1088/1126-6708/2005/09/039},
  url = {http://arxiv.org/abs/hep-ph/0504037},
  urldate = {2024-01-13},
  archiveprefix = {arxiv},
  keywords = {Phenomenology}
}

@book{Dine_SupersymmetryString_2023,
  title = {Supersymmetry and {{String Theory}}: {{Beyond}} the {{Standard Model}}},
  shorttitle = {Supersymmetry and {{String Theory}}},
  author = {Dine, Michael},
  year = {2023},
  edition = {2},
  publisher = {{Cambridge University Press}},
  address = {{Cambridge}},
  doi = {10.1017/9781009290883},
  url = {https://www.cambridge.org/core/books/supersymmetry-and-string-theory/D2945789E71C68C60153D44DF08BAC17},
  urldate = {2024-01-15},
  isbn = {978-1-00-929092-0},
  keywords = {Phenomenology,Superstring,Supersymmetry}
}

@article{Polchinski_DirichletBranesRamondRamond_1995,
  title = {Dirichlet-{{Branes}} and {{Ramond-Ramond Charges}}},
  author = {Polchinski, Joseph},
  year = {1995},
  journal = {arXiv.org},
  doi = {10.1103/PhysRevLett.75.4724},
  url = {https://arxiv.org/abs/hep-th/9510017v3},
  urldate = {2024-01-19},
  langid = {english},
  keywords = {Phenomenology,Superstring}
}
