@article{Abe_ModuliStabilization_2007a,
  title = {Moduli Stabilization, {{F-term}} Uplifting and Soft Supersymmetry Breaking Terms},
  author = {Abe, Hiroyuki and Higaki, Tetsutaro and Kobayashi, Tatsuo and Omura, Yuji},
  year = {2007},
  month = jan,
  journal = {Physical Review D},
  volume = {75},
  number = {2},
  eprint = {hep-th/0611024},
  pages = {025019},
  issn = {1550-7998, 1550-2368},
  doi = {10.1103/PhysRevD.75.025019},
  url = {http://arxiv.org/abs/hep-th/0611024},
  urldate = {2023-12-01},
  archiveprefix = {arxiv},
  keywords = {Moduli stabilization,Phenomenology}
}

@book{Wess_SupersymmetrySupergravity_1992,
  title = {Supersymmetry and {{Supergravity}}},
  author = {Wess, Julius and Bagger, Jonathan},
  year = {1992},
  month = mar,
  publisher = {{Princeton University Press}},
  address = {{Princeton, N.J}},
  isbn = {978-0-691-02530-8},
  keywords = {Supergravity,Supersymmetry}
}
