@book{Bott:1982xhp,
  title = {Differential {{Forms}} in {{Algebraic Topology}}},
  author = {Bott, Raoul and Tu, Loring W.},
  year = {1982},
  series = {Graduate {{Texts}} in {{Mathematics}}},
  volume = {82},
  publisher = {Springer New York},
  address = {New York, NY},
  doi = {10.1007/978-1-4757-3951-0},
  url = {http://link.springer.com/10.1007/978-1-4757-3951-0},
  urldate = {2023-05-30},
  isbn = {978-1-4419-2815-3 978-1-4757-3951-0},
  langid = {english}
}

@book{Hamilton:2017gbn,
  title = {Mathematical {{Gauge Theory}}},
  author = {Hamilton, Mark J.D.},
  year = {2017},
  series = {Universitext},
  publisher = {Springer International Publishing},
  address = {Cham},
  doi = {10.1007/978-3-319-68439-0},
  url = {http://link.springer.com/10.1007/978-3-319-68439-0},
  urldate = {2024-02-18},
  isbn = {978-3-319-68438-3 978-3-319-68439-0},
  langid = {english}
}

@book{Nakahara:2003,
  title = {Geometry, Topology, and Physics},
  author = {Nakahara, Mikio},
  year = {2003},
  series = {Graduate Student Series in Physics},
  edition = {2nd},
  publisher = {Institute of Physics Publishing},
  address = {Bristol ; Philadelphia},
  isbn = {978-0-7503-0606-5},
  lccn = {QA641 .N35 2003},
  annotation = {OCLC: ocm52622950}
}
