@book{Hartshorne:1977,
  title = {Algebraic {{Geometry}}},
  author = {Hartshorne, Robin},
  year = {1977},
  series = {Graduate {{Texts}} in {{Mathematics}}},
  volume = {52},
  publisher = {Springer New York},
  address = {New York, NY},
  doi = {10.1007/978-1-4757-3849-0},
  url = {http://link.springer.com/10.1007/978-1-4757-3849-0},
  urldate = {2023-05-30},
  isbn = {978-1-4419-2807-8 978-1-4757-3849-0},
  langid = {english}
}

@book{Humphreys:1972,
  title = {Introduction to {{Lie Algebras}} and {{Representation Theory}}},
  author = {Humphreys, James E.},
  year = {1972},
  series = {Graduate {{Texts}} in {{Mathematics}}},
  volume = {9},
  publisher = {Springer New York},
  address = {New York, NY},
  doi = {10.1007/978-1-4612-6398-2},
  url = {http://link.springer.com/10.1007/978-1-4612-6398-2},
  urldate = {2023-05-30},
  isbn = {978-0-387-90052-0 978-1-4612-6398-2},
  langid = {english}
}
