@misc{Martin:1997ns,
  title = {A {{Supersymmetry Primer}}},
  author = {Martin, Stephen P.},
  year = {1998},
  volume = {18},
  eprint = {hep-ph/9709356},
  pages = {1--98},
  doi = {10.1142/9789812839657_0001},
  url = {http://arxiv.org/abs/hep-ph/9709356},
  urldate = {2023-11-09},
  archiveprefix = {arxiv}
}

@article{Nelson:1993nf,
  title = {R {{Symmetry Breaking Versus Supersymmetry Breaking}}},
  author = {Nelson, Ann E. and Seiberg, Nathan},
  year = {1994},
  journal = {Nuclear Physics B},
  volume = {416},
  number = {1},
  eprint = {hep-ph/9309299},
  pages = {46--62},
  issn = {05503213},
  doi = {10.1016/0550-3213(94)90577-0},
  url = {http://arxiv.org/abs/hep-ph/9309299},
  urldate = {2024-05-20},
  archiveprefix = {arxiv}
}

@book{Tachikawa:2013kta,
  title = {N=2 {{Supersymmetric Dynamics}} for {{Pedestrians}}},
  author = {Tachikawa, Yuji},
  year = {2015},
  series = {Lecture {{Notes}} in {{Physics}}},
  volume = {890},
  publisher = {Springer International Publishing},
  address = {Cham},
  doi = {10.1007/978-3-319-08822-8},
  url = {https://link.springer.com/10.1007/978-3-319-08822-8},
  urldate = {2024-06-06},
  copyright = {https://www.springernature.com/gp/researchers/text-and-data-mining},
  isbn = {978-3-319-08821-1 978-3-319-08822-8},
  langid = {english}
}
