@phdthesis{Uchida:2020,
  title = {{超弦理論のフラックスコンパクト化におけるコンパクト空間の幾何学とフレーバー構造}},
  author = {内田 光},
  year = {2020},
  url = {https://www2.yukawa.kyoto-u.ac.jp/~soken.editorial/sokendenshi/vol33/1/修士論文_素粒子研究_内田.pdf},
  langid = {japanese},
  school = {北海道大学},
  isjapanese ={true}
}

@book{Wess:1992,
  title = {Supersymmetry and {{Supergravity}}},
  author = {Wess, Julius and Bagger, Jonathan},
  year = {1992},
  publisher = {{Princeton University Press}},
  address = {{Princeton, N.J}},
  isbn = {978-0-691-02530-8},
  langid = {english},
}
