@book{Mogi:2001,
  title = {{復刊 微分幾何学とゲージ理論}},
  author = {茂木 勇、伊藤 光弘},
  year = {2001},
  edition = {復刊版},
  publisher = {共立出版},
  isbn = {978-4-320-01687-3},
  langid = {japanese}
}

@book{Nakahara:2003,
  title = {Geometry, Topology, and Physics},
  author = {Nakahara, Mikio},
  year = {2003},
  series = {Graduate Student Series in Physics},
  edition = {2nd ed},
  publisher = {Institute of Physics Publishing},
  address = {Bristol ; Philadelphia},
  isbn = {978-0-7503-0606-5},
  lccn = {QA641 .N35 2003},
  annotation = {OCLC: ocm52622950}
}

