@article{Nelson:1993nf,
  author        = {Nelson, Ann E. and Seiberg, Nathan},
  title         = {{R symmetry breaking versus supersymmetry breaking}},
  eprint        = {hep-ph/9309299},
  archiveprefix = {arXiv},
  reportnumber  = {UCSD-PTH-93-27, RU-93-42},
  doi           = {10.1016/0550-3213(94)90577-0},
  journal       = {Nucl. Phys. B},
  volume        = {416},
  pages         = {46--62},
  year          = {1994}
}

@article{Shih:2007av,
  author        = {Shih, David},
  title         = {{Spontaneous R-symmetry breaking in O'Raifeartaigh models}},
  eprint        = {hep-th/0703196},
  archiveprefix = {arXiv},
  doi           = {10.1088/1126-6708/2008/02/091},
  journal       = {JHEP},
  volume        = {02},
  pages         = {091},
  year          = {2008}
}

@book{R100000002-I027963943,
  author    = {大河内豊},
  title     = {超対称性の破れ : 場の理論から弦理論まで},
  series    = {臨時別冊・数理科学 ; SGCライブラリ ; 131},
  publisher = {サイエンス社},
  year      = {2017.1},
  url       = {https://ndlsearch.ndl.go.jp/books/R100000002-I027963943}
}

