@book{Fujikawa:2001b,
  title = {経路積分と対称性の量子的破れ},
  author = {藤川和男},
  year = {2001},
  publisher = {岩波書店},
  isbn = {978-4-00-007415-5},
  annotation = {OCLC: 676137225}
}

@book{Nair:2005,
  title = {{Quantum Field Theory: A Modern Perspective}},
  shorttitle = {{Quantum Field Theory}},
  author = {Nair, V. P.},
  year = {2005},
  publisher = {Springer},
  address = {New York, NY},
  isbn = {978-0-387-21386-6}
}

@book{Nakahara:2003,
  title = {Geometry, Topology, and Physics},
  author = {Nakahara, Mikio},
  year = {2003},
  series = {Graduate Student Series in Physics},
  edition = {2nd ed},
  publisher = {Institute of Physics Publishing},
  address = {Bristol ; Philadelphia},
  isbn = {978-0-7503-0606-5},
  lccn = {QA641 .N35 2003},
  annotation = {OCLC: ocm52622950}
}

@book{Peskin:1995,
  title = {An {{Introduction}} to {{Quantum Field Theory}}},
  author = {Peskin, Michael Edward and Schroeder, Daniel V.},
  year = {1995},
  publisher = {Addison-Wesley Pub. Co},
  address = {Reading, Mass},
  isbn = {978-0-201-50397-5},
  langid = {english},
  lccn = {QC174.45 .P465 1995}
}
