@book{Green:2012a,
  title = {Superstring Theory. 1: {{Introduction}}},
  shorttitle = {Superstring Theory. 1},
  author = {Green, Michael B. and Schwarz, John H. and Witten, Edward},
  year = {2012},
  edition = {25th Anniversary ed. publ. 2012},
  publisher = {Cambridge Univ. Pr},
  address = {Cambridge},
  isbn = {978-1-107-02911-8},
  langid = {english}
}

@book{Green:2012b,
  title = {Superstring {{Theory}} 25th {{Anniversary}}},
  author = {Green, Michael B. and Schwarz, John H. and Witten, Edward},
  year = {2012},
  publisher = {Cambridge Univ Pr},
  isbn = {978-1-107-03031-2},
  langid = {english},
  annotation = {OCLC: 795763714}
}

@book{Ibanez:2012,
  title = {String {{Theory}} and {{Particle Physics}}: {{An Introduction}} to {{String Phenomenology}}},
  shorttitle = {String {{Theory}} and {{Particle Physics}}},
  author = {Ib{\'a}{\~n}ez, Luis E. and Uranga, Angel M.},
  year = {2012},
  publisher = {Cambridge University Press},
  address = {Cambridge},
  doi = {10.1017/CBO9781139018951},
  urldate = {2023-06-17},
  isbn = {978-0-521-51752-2}
}

@book{Polchinski:1998rq,
  title = {String {{Theory}}: {{Volume}} 1: {{An Introduction}} to the {{Bosonic String}}},
  shorttitle = {String {{Theory}}},
  author = {Polchinski, Joseph},
  year = {1998},
  series = {Cambridge {{Monographs}} on {{Mathematical Physics}}},
  volume = {1},
  publisher = {Cambridge University Press},
  address = {Cambridge},
  doi = {10.1017/CBO9780511816079},
  urldate = {2023-11-22},
  isbn = {978-0-521-63303-1}
}

@book{Polchinski:1998rr,
  title = {String {{Theory}}: {{Volume}} 2: {{Superstring Theory}} and {{Beyond}}},
  shorttitle = {String {{Theory}}},
  author = {Polchinski, Joseph},
  year = {1998},
  series = {Cambridge {{Monographs}} on {{Mathematical Physics}}},
  volume = {2},
  publisher = {Cambridge University Press},
  address = {Cambridge},
  doi = {10.1017/CBO9780511618123},
  urldate = {2023-11-22},
  isbn = {978-0-521-63304-8}
}
