@book{Nair:2005,
  title = {Quantum {{Field Theory}}: {{A Modern Perspective}}},
  shorttitle = {Quantum {{Field Theory}}},
  author = {Nair, V. P.},
  year = {2005},
  publisher = {Springer},
  address = {New York, NY},
  isbn = {978-0-387-21386-6}
}

@book{Peskin:1995,
  title = {An {{Introduction}} to {{Quantum Field Theory}}},
  author = {Peskin, Michael Edward and Schroeder, Daniel V.},
  year = {1995},
  publisher = {Addison-Wesley Pub. Co},
  address = {Reading, Mass},
  isbn = {978-0-201-50397-5},
  langid = {english},
  lccn = {QC174.45 .P465 1995}
}

@book{Weinberg:1995mt,
  title = {The {{Quantum Theory}} of {{Fields}}: {{Volume}} 1: {{Foundations}}},
  shorttitle = {The {{Quantum Theory}} of {{Fields}}},
  author = {Weinberg, Steven},
  year = {1995},
  volume = {1},
  publisher = {Cambridge University Press},
  address = {Cambridge},
  doi = {10.1017/CBO9781139644167},
  urldate = {2023-11-22},
  isbn = {978-0-521-67053-1}
}

@book{Weinberg:1996kr,
  title = {The {{Quantum Theory}} of {{Fields}}: {{Volume}} 2: {{Modern Applications}}},
  shorttitle = {The {{Quantum Theory}} of {{Fields}}},
  author = {Weinberg, Steven},
  year = {1996},
  volume = {2},
  publisher = {Cambridge University Press},
  address = {Cambridge},
  doi = {10.1017/CBO9781139644174},
  urldate = {2023-11-22},
  isbn = {978-0-521-55002-4}
}

@book{Weinberg:2000,
  title = {The {{Quantum Theory}} of {{Fields}}: {{Volume}} 3: {{Supersymmetry}}},
  shorttitle = {The {{Quantum Theory}} of {{Fields}}},
  author = {Weinberg, Steven},
  year = {2000},
  volume = {3},
  publisher = {Cambridge University Press},
  address = {Cambridge},
  doi = {10.1017/CBO9781139644198},
  urldate = {2023-11-22},
  isbn = {978-0-521-67055-5}
}

@article{Witten:1982df,
  title = {Constraints on Supersymmetry Breaking},
  author = {Witten, Edward},
  year = {1982},
  journal = {Nuclear Physics B},
  volume = {202},
  number = {2},
  pages = {253--316},
  issn = {05503213},
  doi = {10.1016/0550-3213(82)90071-2},
  url = {https://linkinghub.elsevier.com/retrieve/pii/0550321382900712},
  urldate = {2024-06-06},
  copyright = {https://www.elsevier.com/tdm/userlicense/1.0/},
  langid = {english}
}

@article{Witten:1982im,
  title = {Supersymmetry and {{Morse}} Theory},
  author = {Witten, Edward},
  year = {1982},
  journal = {J. Differential Geom.},
  volume = {17},
  number = {4},
  issn = {0022-040X},
  doi = {10.4310/jdg/1214437492},
  url = {https://projecteuclid.org/journals/journal-of-differential-geometry/volume-17/issue-4/Supersymmetry-and-Morse-theory/10.4310/jdg/1214437492.full},
  urldate = {2024-05-31},
  langid = {english}
}

@article{Alvarez-Gaume:1996ohl,
  title = {Introduction to {{S-Duality}} in {{N}}=2 {{Supersymmetric Gauge Theory}}. ({{A}} Pedagogical Review of the Work of {{Seiberg}} and {{Witten}})},
  author = {{Alvarez-Gaume}, L. and Hassan, S. F.},
  year = {1997},
  journal = {Fortschr. Phys.},
  volume = {45},
  number = {3-4},
  eprint = {hep-th/9701069},
  pages = {159--236},
  issn = {00158209, 15213979},
  doi = {10.1002/prop.2190450302},
  url = {http://arxiv.org/abs/hep-th/9701069},
  urldate = {2023-10-04},
  archiveprefix = {arxiv}
}

@article{Seiberg:1994aj,
  title = {Monopoles, {{Duality}} and {{Chiral Symmetry Breaking}} in {{N}}=2 {{Supersymmetric QCD}}},
  author = {Seiberg, N. and Witten, E.},
  year = {1994},
  journal = {Nuclear Physics B},
  volume = {431},
  number = {3},
  eprint = {hep-th/9408099},
  pages = {484--550},
  issn = {05503213},
  doi = {10.1016/0550-3213(94)90214-3},
  url = {http://arxiv.org/abs/hep-th/9408099},
  urldate = {2023-12-02},
  archiveprefix = {arxiv}
}

@article{Seiberg:1994rs,
  title = {Monopole {{Condensation}}, {{And Confinement In N}}=2 {{Supersymmetric Yang-Mills Theory}}},
  author = {Seiberg, N. and Witten, E.},
  year = {1994},
  journal = {Nuclear Physics B},
  volume = {426},
  number = {1},
  eprint = {hep-th/9407087},
  pages = {19--52},
  issn = {05503213},
  doi = {10.1016/0550-3213(94)90124-4},
  url = {http://arxiv.org/abs/hep-th/9407087},
  urldate = {2023-05-30},
  archiveprefix = {arxiv},
  langid = {english}
}

@book{Tachikawa:2013kta,
  title = {N=2 {{Supersymmetric Dynamics}} for {{Pedestrians}}},
  author = {Tachikawa, Yuji},
  year = {2015},
  series = {Lecture {{Notes}} in {{Physics}}},
  volume = {890},
  publisher = {Springer International Publishing},
  address = {Cham},
  doi = {10.1007/978-3-319-08822-8},
  url = {https://link.springer.com/10.1007/978-3-319-08822-8},
  urldate = {2024-06-06},
  copyright = {https://www.springernature.com/gp/researchers/text-and-data-mining},
  isbn = {978-3-319-08821-1 978-3-319-08822-8},
  langid = {english}
}

@book{Nakahara:2003,
  title = {Geometry, Topology, and Physics},
  author = {Nakahara, Mikio},
  year = {2003},
  series = {Graduate Student Series in Physics},
  edition = {2nd},
  publisher = {Institute of Physics Publishing},
  address = {Bristol ; Philadelphia},
  isbn = {978-0-7503-0606-5},
  lccn = {QA641 .N35 2003},
  annotation = {OCLC: ocm52622950}
}

@article{Adler:1969gk,
  title = {Axial-{{Vector Vertex}} in {{Spinor Electrodynamics}}},
  author = {Adler, Stephen L.},
  year = {1969},
  journal = {Phys. Rev.},
  volume = {177},
  number = {5},
  pages = {2426--2438},
  issn = {0031-899X},
  doi = {10.1103/PhysRev.177.2426},
  url = {https://link.aps.org/doi/10.1103/PhysRev.177.2426},
  urldate = {2024-06-10},
  copyright = {http://link.aps.org/licenses/aps-default-license},
  langid = {english}
}

@article{Bell:1969ts,
  title = {A {{PCAC}} Puzzle: {$\Pi$}0{$\rightarrow\gamma\gamma$} in the {$\sigma$}-Model},
  shorttitle = {A {{PCAC}} Puzzle},
  author = {Bell, J. S. and Jackiw, R.},
  year = {1969},
  journal = {Nuov Cim A},
  volume = {60},
  number = {1},
  pages = {47--61},
  issn = {0369-3546, 1826-9869},
  doi = {10.1007/BF02823296},
  url = {http://link.springer.com/10.1007/BF02823296},
  urldate = {2024-06-10},
  copyright = {http://www.springer.com/tdm},
  langid = {english}
}

@article{Fujikawa:1979ay,
  title = {Path-{{Integral Measure}} for {{Gauge-Invariant Fermion Theories}}},
  author = {Fujikawa, Kazuo},
  year = {1979},
  journal = {Phys. Rev. Lett.},
  volume = {42},
  number = {18},
  pages = {1195--1198},
  issn = {0031-9007},
  doi = {10.1103/PhysRevLett.42.1195},
  url = {https://link.aps.org/doi/10.1103/PhysRevLett.42.1195},
  urldate = {2024-06-10},
  copyright = {http://link.aps.org/licenses/aps-default-license},
  langid = {english}
}

@book{Fujikawa:2001b,
  title = {経路積分と対称性の量子的破れ},
  author = {藤川和男},
  year = {2001},
  publisher = {岩波書店},
  isbn = {978-4-00-007415-5},
  annotation = {OCLC: 676137225}
}
