@book{九後_ゲー_1989,
  title = {{ゲージ場の量子論{$\langle$}1{$\rangle$}}},
  author = {九後, 汰一郎},
  year = {1989},
  month = jul,
  publisher = {{培風館}},
  isbn = {978-4-563-02423-9},
  langid = {japanese},
  keywords = {Gauge Theory,Quantum Field Theory}
}