@book{Fujii:2005,
  title = {{超重力理論入門}},
  author = {藤井保憲},
  year = {2005},
  publisher = {産業図書},
  isbn = {978-4-7828-1012-5},
  langid = {japanese}
}

@book{Peskin:1995,
  title = {An {{Introduction}} to {{Quantum Field Theory}}},
  author = {Peskin, Michael Edward and Schroeder, Daniel V.},
  year = {1995},
  publisher = {Addison-Wesley Pub. Co},
  address = {Reading, Mass},
  isbn = {978-0-201-50397-5},
  langid = {english},
  lccn = {QC174.45 .P465 1995}
}
