@book{Ahlfors:2013,
  title = {Complex Analysis: An Introduction to the Theory of Analytic Functions of One Complex Variable},
  shorttitle = {Complex Analysis},
  author = {Ahlfors, Lars V.},
  year = {2013},
  edition = {Third edition, Indian edition},
  publisher = {McGraw Hill Education (India) Private Limited},
  address = {Chennai, Tamil Nadu, India},
  isbn = {978-1-259-06482-1},
  langid = {english},
  annotation = {OCLC: 1003151538}
}
