@book{Hawking:1973uf,
  title = {The {{Large Scale Structure}} of {{Space-Time}}},
  author = {Hawking, S. W. and Ellis, G. F. R.},
  year = {1973},
  series = {Cambridge {{Monographs}} on {{Mathematical Physics}}},
  publisher = {Cambridge University Press},
  address = {Cambridge},
  doi = {10.1017/CBO9780511524646},
  urldate = {2024-03-10},
  isbn = {978-0-521-09906-6}
}

@book{Rovelli:2020,
  title = {{{COVARIANT LOOP QUANTUM GRAVITY}}: An Elementary Introduction to Quantum Gravity and Spinfoam ... Theory},
  shorttitle = {{{COVARIANT LOOP QUANTUM GRAVITY}}},
  author = {ROVELLI, FRANCESCA, CARLO VIDOTTO},
  year = {2020},
  publisher = {CAMBRIDGE UNIV Press},
  address = {Place of publication not identified},
  isbn = {978-1-108-81025-8},
  langid = {english},
  annotation = {OCLC: 1137810048}
}

@book{Wald:1984,
  title = {General Relativity},
  author = {Wald, Robert M.},
  year = {1984},
  publisher = {University of Chicago Press},
  address = {Chicago},
  isbn = {978-0-226-87032-8 978-0-226-87033-5},
  lccn = {QC173.6 .W35 1984}
}
