@book{Peskin_IntroductionQuantum_1995,
  title = {An {{Introduction}} to {{Quantum Field Theory}}},
  author = {Peskin, Michael Edward and Schroeder, Daniel V.},
  year = {1995},
  publisher = {{Addison-Wesley Pub. Co}},
  address = {{Reading, Mass}},
  isbn = {978-0-201-50397-5},
  langid = {english},
  lccn = {QC174.45 .P465 1995},
  keywords = {Quantum Field Theory}
}

@book{藤井_超重_2005,
  title = {{超重力理論入門}},
  author = {藤井, 保憲},
  year = {2005},
  publisher = {{産業図書}},
  isbn = {978-4-7828-1012-5},
  langid = {japanese},
  keywords = {Supergravity,Supersymmetry},
  isjapanese = {true}
}
