@book{Dine:2007zp,
  title = {Supersymmetry and {{String Theory}}: {{Beyond}} the {{Standard Model}}},
  shorttitle = {Supersymmetry and {{String Theory}}},
  author = {Dine, Michael},
  year = {2023},
  edition = {2},
  publisher = {{Cambridge University Press}},
  address = {{Cambridge}},
  doi = {10.1017/9781009290883},
  url = {https://www.cambridge.org/core/books/supersymmetry-and-string-theory/D2945789E71C68C60153D44DF08BAC17},
  urldate = {2024-01-15},
  isbn = {978-1-00-929092-0}
}

@book{Fujii:2005,
  title = {{超重力理論入門}},
  author = {藤井 保憲},
  year = {2005},
  publisher = {{産業図書}},
  isbn = {978-4-7828-1012-5},
  langid = {japanese}
}

@book{Peskin:1995,
  title = {An {{Introduction}} to {{Quantum Field Theory}}},
  author = {Peskin, Michael Edward and Schroeder, Daniel V.},
  year = {1995},
  publisher = {{Addison-Wesley Pub. Co}},
  address = {{Reading, Mass}},
  isbn = {978-0-201-50397-5},
  langid = {english},
  lccn = {QC174.45 .P465 1995}
}

@book{Wess:1992,
  title = {Supersymmetry and {{Supergravity}}},
  author = {Wess, Julius and Bagger, Jonathan},
  year = {1992},
  publisher = {{Princeton University Press}},
  address = {{Princeton, N.J}},
  isbn = {978-0-691-02530-8}
}
